<record xmlns="http://www.loc.gov/MARC21/slim" xmlns:xsi="http://www.w3.org/2001/XMLSchema-instance" xsi:schemaLocation="http://www.loc.gov/MARC21/slim http://www.loc.gov/standards/marcxml/schema/MARC21slim.xsd"><leader>00000nam  22005295i 4500</leader><controlfield tag="001">9789510427927</controlfield><controlfield tag="003">FI-BTJ</controlfield><controlfield tag="005">20171014013141</controlfield><controlfield tag="008">170307s2017    fi ||||      |00| f|fin|c</controlfield><datafield ind1=" " ind2=" " tag="020"><subfield code="a">9789510427927</subfield><subfield code="q">kovakantinen</subfield></datafield><datafield ind1=" " ind2=" " tag="040"><subfield code="a">FI-NL</subfield><subfield code="b">fin</subfield><subfield code="e">rda</subfield><subfield code="d">FI-BTJ</subfield></datafield><datafield ind1="1" ind2=" " tag="041"><subfield code="a">fin</subfield><subfield code="h">eng</subfield></datafield><datafield ind1=" " ind2=" " tag="080"><subfield code="a">820-3</subfield></datafield><datafield ind1="9" ind2=" " tag="084"><subfield code="a">Fantasia</subfield><subfield code="2">ykl</subfield></datafield><datafield ind1=" " ind2=" " tag="084"><subfield code="a">84.2</subfield><subfield code="2">ykl</subfield></datafield><datafield ind1=" " ind2=" " tag="091"><subfield code="a">89</subfield></datafield><datafield ind1=" " ind2=" " tag="092"><subfield code="a">84.2</subfield></datafield><datafield ind1=" " ind2=" " tag="094"><subfield code="a">84.2</subfield></datafield><datafield ind1=" " ind2=" " tag="095"><subfield code="a">1.4</subfield></datafield><datafield ind1=" " ind2=" " tag="097"><subfield code="a">84.2</subfield></datafield><datafield ind1="1" ind2=" " tag="100"><subfield code="a">Tolkien, J. R. R.,</subfield><subfield code="e">kirjoittaja.</subfield></datafield><datafield ind1="1" ind2="4" tag="240"><subfield code="a">The hobbit, or, there and back again,</subfield><subfield code="l">suomi</subfield></datafield><datafield ind1="1" ind2="0" tag="245"><subfield code="a">Hobitti, eli, Sinne ja takaisin /</subfield><subfield code="c">J. R. R. Tolkien ; kuvittanut: Tove Jansson ; j&#228;lkisanat: Brian Sibley ; suomentanut Kersti Juva ; runot suomentanut Panu Pekkanen ; j&#228;lkisanat suomentanut Jaakko Kankaanp&#228;&#228;.</subfield></datafield><datafield ind1="3" ind2="0" tag="246"><subfield code="a">Sinne ja takaisin</subfield></datafield><datafield ind1=" " ind2=" " tag="250"><subfield code="a">Kolmas, tarkistettu laitos (uudistettu oikeinkirjoitus)</subfield></datafield><datafield ind1=" " ind2="1" tag="264"><subfield code="a">Helsinki :</subfield><subfield code="b">Werner S&#246;derstr&#246;m Osakeyhti&#246;,</subfield><subfield code="c">[2017]</subfield></datafield><datafield ind1=" " ind2="3" tag="264"><subfield code="a">EU:ssa</subfield></datafield><datafield ind1=" " ind2="4" tag="264"><subfield code="c">&#169;2017</subfield></datafield><datafield ind1=" " ind2=" " tag="300"><subfield code="a">340 sivua :</subfield><subfield code="b">kuvitettu, karttoja ;</subfield><subfield code="c">25 cm</subfield></datafield><datafield ind1=" " ind2=" " tag="336"><subfield code="a">teksti</subfield><subfield code="b">txt</subfield><subfield code="2">rdacontent</subfield></datafield><datafield ind1=" " ind2=" " tag="337"><subfield code="a">k&#228;ytett&#228;viss&#228; ilman laitetta</subfield><subfield code="b">n</subfield><subfield code="2">rdamedia</subfield></datafield><datafield ind1=" " ind2=" " tag="338"><subfield code="a">nide</subfield><subfield code="b">nc</subfield><subfield code="2">rdacarrier</subfield></datafield><datafield ind1="1" ind2="4" tag="600"><subfield code="a">Reppuli, Bilbo</subfield><subfield code="c">(fiktiivinen hahmo)</subfield></datafield><datafield ind1="0" ind2="4" tag="600"><subfield code="a">Gandalf</subfield><subfield code="c">(fiktiivinen hahmo)</subfield></datafield><datafield ind1=" " ind2="7" tag="650"><subfield code="a">seikkailu</subfield><subfield code="2">kauno/fin</subfield><subfield code="0">http://www.yso.fi/onto/kauno/p2904</subfield></datafield><datafield ind1=" " ind2="7" tag="650"><subfield code="a">matkat</subfield><subfield code="2">kauno/fin</subfield><subfield code="0">http://www.yso.fi/onto/kauno/p3013</subfield></datafield><datafield ind1=" " ind2="7" tag="650"><subfield code="a">aarteenetsint&#228;</subfield><subfield code="2">kauno/fin</subfield><subfield code="0">http://www.yso.fi/onto/kauno/p4310</subfield></datafield><datafield ind1=" " ind2="7" tag="650"><subfield code="a">sormukset</subfield><subfield code="2">kauno/fin</subfield><subfield code="0">http://www.yso.fi/onto/kauno/p3678</subfield></datafield><datafield ind1=" " ind2="7" tag="650"><subfield code="a">velhot</subfield><subfield code="2">kauno/fin</subfield><subfield code="0">http://www.yso.fi/onto/kauno/p4407</subfield></datafield><datafield ind1=" " ind2="7" tag="650"><subfield code="a">k&#228;&#228;pi&#246;t</subfield><subfield code="2">kauno/fin</subfield><subfield code="0">http://www.yso.fi/onto/kauno/p738</subfield></datafield><datafield ind1=" " ind2="7" tag="650"><subfield code="a">hobitit</subfield><subfield code="2">kaunokki</subfield></datafield><datafield ind1=" " ind2="7" tag="650"><subfield code="a">lohik&#228;&#228;rmeet</subfield><subfield code="2">kauno/fin</subfield><subfield code="0">http://www.yso.fi/onto/kauno/p1592</subfield></datafield><datafield ind1=" " ind2="7" tag="655"><subfield code="a">fantasiakirjallisuus</subfield><subfield code="2">slm/fin</subfield><subfield code="0">http://urn.fi/URN:NBN:fi:au:slm:s1140</subfield></datafield><datafield ind1=" " ind2="7" tag="655"><subfield code="a">romaanit</subfield><subfield code="2">slm/fin</subfield><subfield code="0">http://urn.fi/URN:NBN:fi:au:slm:s518</subfield></datafield><datafield ind1=" " ind2="7" tag="655"><subfield code="a">kaunokirjallisuus</subfield><subfield code="2">slm/fin</subfield><subfield code="0">http://urn.fi/URN:NBN:fi:au:slm:s975</subfield></datafield><datafield ind1=" " ind2="7" tag="655"><subfield code="a">englanninkielinen kirjallisuus</subfield><subfield code="2">local</subfield></datafield><datafield ind1=" " ind2="7" tag="655"><subfield code="a">k&#228;&#228;nn&#246;kset</subfield><subfield code="2">slm/fin</subfield><subfield code="0">http://urn.fi/URN:NBN:fi:au:slm:s1044</subfield></datafield><datafield ind1="1" ind2=" " tag="700"><subfield code="a">Jansson, Tove,</subfield><subfield code="e">kuvittaja.</subfield><subfield code="0">(FI-ASTERI-N)000045590</subfield></datafield><datafield ind1="1" ind2=" " tag="700"><subfield code="a">Sibley, Brian,</subfield><subfield code="e">kirjoittaja.</subfield></datafield><datafield ind1="1" ind2=" " tag="700"><subfield code="a">Juva, Kersti,</subfield><subfield code="e">k&#228;&#228;nt&#228;j&#228;.</subfield></datafield><datafield ind1="1" ind2=" " tag="700"><subfield code="a">Pekkanen, Panu,</subfield><subfield code="e">k&#228;&#228;nt&#228;j&#228;.</subfield></datafield><datafield ind1="1" ind2=" " tag="700"><subfield code="a">Kankaanp&#228;&#228;, Jaakko,</subfield><subfield code="e">k&#228;&#228;nt&#228;j&#228;.</subfield></datafield><datafield ind1=" " ind2=" " tag="852"><subfield code="x">Helsingin luokanmuutos 28.4.2026</subfield></datafield></record>